<record><leader>00000cas a22000007a 4500</leader><controlfield tag="001">9373975</controlfield><controlfield tag="008">830404c18909999mtuwr ne      0   a0eng d</controlfield><controlfield tag="009">3770</controlfield><datafield ind1=" " ind2=" " tag="010"><subfield code="a">sn 83025302 </subfield></datafield><datafield ind1=" " ind2=" " tag="040"><subfield code="a">NPV</subfield><subfield code="b">eng</subfield><subfield code="c">NPV</subfield><subfield code="d">MTL</subfield></datafield><datafield ind1="1" ind2=" " tag="029"><subfield code="a">AU@</subfield><subfield code="b">000025811006</subfield></datafield><datafield ind1=" " ind2=" " tag="042"><subfield code="a">msc</subfield></datafield><datafield ind1=" " ind2=" " tag="043"><subfield code="a">n-us-mt</subfield></datafield><datafield ind1=" " ind2=" " tag="045"><subfield code="a">w9x-</subfield></datafield><datafield ind1=" " ind2=" " tag="052"><subfield code="a">4253</subfield><subfield code="b">B6</subfield></datafield><datafield ind1="0" ind2="4" tag="245"><subfield code="a">The Chinook opinion.</subfield></datafield><datafield ind1=" " ind2=" " tag="260"><subfield code="a">Chinook, Mont. :</subfield><subfield code="b">W.C. Kester,</subfield><subfield code="c">1890-</subfield></datafield><datafield ind1=" " ind2=" " tag="300"><subfield code="a">v. :</subfield><subfield code="b">ill. ;</subfield><subfield code="c">55 cm.</subfield></datafield><datafield ind1=" " ind2=" " tag="310"><subfield code="a">Weekly</subfield></datafield><datafield ind1="0" ind2=" " tag="362"><subfield code="a">Vol. 1, no. 1 (May 8, 1890)-</subfield></datafield><datafield ind1=" " ind2=" " tag="500"><subfield code="a">"Non-partisan in politics," 1890-1905; "Republican," 1905- . Cf. N.W. Ayer.  Amer. newspaper annual and direct., 1912.</subfield></datafield><datafield ind1=" " ind2=" " tag="500"><subfield code="a">"Official paper of Chouteau County," 1895-1896, 1905; "official paper of Blaine County," 1912- .</subfield></datafield><datafield ind1=" " ind2=" " tag="752"><subfield code="a">United States</subfield><subfield code="b">Montana</subfield><subfield code="c">Blaine</subfield><subfield code="d">Chinook.</subfield></datafield><datafield ind1="0" ind2="5" tag="780"><subfield code="t">Chinook bulletin</subfield><subfield code="g">Oct. 5, 1905</subfield><subfield code="w">(DLC)sn 85053006</subfield></datafield></record>